@article{deng2017volumetric,
  title={Volumetric properties of diisopropyl ether with acetone at temperatures from {283.15 K} to {323.15 K}: An experimental and theoretical study},
  author={Deng, Zhengyuan and Xia, Yu and Long, Bingwen and Ding, Yigang},
  journal={Journal of Molecular Liquids},
  volume={243},
  pages={257--264},
  year={2017},
  publisher={Elsevier}
}

@phdthesis{liujs2016,
	Address = {London, Ontario, Canada},
	Author = {Liu, Jiangshan},
	School = {The University of Western Ontario},
	Title = {Reactor Performances and Hydrodynamics of Various Gas-Solids Fluidized Beds},
	Year = {2016},
  url = {https://ir.lib.uwo.ca/etd/3967/}
  }

@article{wang2014catalytic,
  title={Catalytic ozone decomposition in a high density circulating fluidized bed riser},
  author={Wang, Chengxiu and Wang, Gang and Li, Chunyi and Barghi, Shahzad and Zhu, Jesse},
  journal={Industrial \& Engineering Chemistry Research},
  volume={53},
  number={16},
  pages={6613--6623},
  year={2014},
  publisher={ACS Publications}
}
